@misc{bdx-proposal,
author           = "{The BDX Collaboration}",
title            = "{Dark matter search in a Beam-Dump eXperiment (BDX) at Jefferson Lab}",
note            = "{\url{https://arxiv.org/abs/1607.01390}}",
year            = "2016"}


@misc{jnote-bd,
author="Kharashvili,M",
note="JLAB-TN-16-048."
}

@misc{gemc,
author           = "{Ungaro, M.}",
title            = "{CLAS12 GEANT4 Simulation Package GEMC}",
note            = "{\url{http://gemc.jlab.org}}",
year            = "2016"}

@misc{CCuevas,
author="C. Cuevas",
note="Private Communication",
}

@misc{Freyberger,
author="A.Freyberger",
note="Private Communication",
}


@misc{Wisniewski,
author="W.Wisniewski",
note="Private Communication",
}


@misc{Orsay-sipmpreamp,
author="E.Rauly",
note="Private Communication",
}


@article{Pospelov:2008zw,
      author         = "Pospelov, Maxim",
      title          = "{Secluded U(1) below the weak scale}",
      journal        = "Phys. Rev.",
      volume         = "D80",
      year           = "2009",
      pages          = "095002",
      doi            = "10.1103/PhysRevD.80.095002",
      eprint         = "0811.1030",
      archivePrefix  = "arXiv",
      primaryClass   = "hep-ph",
      SLACcitation   = "%%CITATION = ARXIV:0811.1030;%%"
}



@article{Krnjaic:2014xza,
      author         = "Krnjaic, Gordan and Sigurdson, Kris",
      title          = "{Big Bang Darkleosynthesis}",
      journal        = "Phys. Lett.",
      volume         = "B751",
      year           = "2015",
      pages          = "464-468",
      doi            = "10.1016/j.physletb.2015.11.001",
      eprint         = "1406.1171",
      archivePrefix  = "arXiv",
      primaryClass   = "hep-ph",
      SLACcitation   = "%%CITATION = ARXIV:1406.1171;%%"
}

@article{Jungman:1995df,
      author         = "Jungman, Gerard and Kamionkowski, Marc and Griest, Kim",
      title          = "{Supersymmetric dark matter}",
      journal        = "Phys. Rept.",
      volume         = "267",
      year           = "1996",
      pages          = "195-373",
      doi            = "10.1016/0370-1573(95)00058-5",
      eprint         = "hep-ph/9506380",
      archivePrefix  = "arXiv",
      primaryClass   = "hep-ph",
      reportNumber   = "SU-4240-605, UCSD-PTH-95-02, IASSNS-HEP-95-14, CU-TP-677",
      SLACcitation   = "%%CITATION = HEP-PH/9506380;%%"
}


@article{Peter:2012rz,
      author         = "Peter, Annika H. G.",
      title          = "{Dark Matter: A Brief Review}",
      year           = "2012",
      eprint         = "1201.3942",
      archivePrefix  = "arXiv",
      primaryClass   = "astro-ph.CO",
      SLACcitation   = "%%CITATION = ARXIV:1201.3942;%%"
}

@article{Griest:1989wd,
      author         = "Griest, Kim and Kamionkowski, Marc",
      title          = "{Unitarity Limits on the Mass and Radius of Dark Matter
                        Particles}",
      journal        = "Phys. Rev. Lett.",
      volume         = "64",
      year           = "1990",
      pages          = "615",
      doi            = "10.1103/PhysRevLett.64.615",
      reportNumber   = "CFPA-TH-89-013, FERMILAB-PUB-89-205-A",
      SLACcitation   = "%%CITATION = PRLTA,64,615;%%"
}


@article{Mateo:1998wg,
      author         = "Mateo, Mario",
      title          = "{Dwarf galaxies of the Local Group}",
      journal        = "Ann. Rev. Astron. Astrophys.",
      volume         = "36",
      year           = "1998",
      pages          = "435-506",
      doi            = "10.1146/annurev.astro.36.1.435",
      eprint         = "astro-ph/9810070",
      archivePrefix  = "arXiv",
      primaryClass   = "astro-ph",
      SLACcitation   = "%%CITATION = ASTRO-PH/9810070;%%"
}

@article{Morrissey:2012db,
      author         = "Morrissey, David E. and Ramsey-Musolf, Michael J.",
      title          = "{Electroweak baryogenesis}",
      journal        = "New J. Phys.",
      volume         = "14",
      year           = "2012",
      pages          = "125003",
      doi            = "10.1088/1367-2630/14/12/125003",
      eprint         = "1206.2942",
      archivePrefix  = "arXiv",
      primaryClass   = "hep-ph",
      reportNumber   = "NPAC-12-08",
      SLACcitation   = "%%CITATION = ARXIV:1206.2942;%%"
}









@article{JANA,
author={D. Lawrence},
title={Multi-threaded event reconstruction with JANA},
journal={Journal of Physics: Conference Series},
volume={119},
number={4},
pages={042018},
url={http://stacks.iop.org/1742-6596/119/i=4/a=042018},
year={2008},
}

@INPROCEEDINGS{FA250,
author={H. Dong and others},
booktitle={2007 IEEE Nuclear Science Symposium Conference Record},
title={Integrated tests of a high speed VXS switch card and 250 MSPS flash ADCs},
year={2007},
volume={1},
pages={831-833},
keywords={nuclear electronics;readout electronics;Jefferson Lab Energy Sum module;Jefferson Lab FADC module;VITA-41 VME64 switched serial standard;electronic detector signals;flash ADC;global energy sum;high speed VXS switch card;Detectors;Digital systems;Energy resolution;Nuclear electronics;Nuclear physics;Particle accelerators;Signal detection;Signal processing;Switches;Testing},
doi={10.1109/NSSMIC.2007.4436457},
ISSN={1082-3654},
month={Oct},}


@article{Battat20151,
title = "First background-free limit from a directional dark matter experiment:Results from a fully fiducialised \{DRIFT\} detector ",
journal = "Physics of the Dark Universe ",
volume = "9â€“10",
number = "",
pages = "1 - 7",
year = "2015",
note = "",
issn = "2212-6864",
doi = "http://dx.doi.org/10.1016/j.dark.2015.06.001",
url = "http://www.sciencedirect.com/science/article/pii/S2212686415000084",
author = "J.B.R. Battat and others",
keywords = "Dark matter",
keywords = "Time projection chamber",
keywords = "DRIFT "
}


@article{Lin:2011gj,
author         = "Lin, Tongyan and Yu, Hai-Bo and Zurek, Kathryn M.",
title          = "{On Symmetric and Asymmetric Light Dark Matter}",
journal        = "Phys. Rev.",
volume         = "D85",
year           = "2012",
pages          = "063503",
doi            = "10.1103/PhysRevD.85.063503",
eprint         = "1111.0293",
archivePrefix  = "arXiv",
primaryClass   = "hep-ph",
reportNumber   = "MCTP-11-36",
SLACcitation   = "%%CITATION = ARXIV:1111.0293;%%"
}

@article{Finkbeiner:2011dx,
author         = "Finkbeiner, Douglas P. and Galli, Silvia and Lin, Tongyan
and Slatyer, Tracy R.",
title          = "{Searching for Dark Matter in the CMB: A Compact
Parameterization of Energy Injection from New Physics}",
journal        = "Phys. Rev.",
volume         = "D85",
year           = "2012",
pages          = "043522",
doi            = "10.1103/PhysRevD.85.043522",
eprint         = "1109.6322",
archivePrefix  = "arXiv",
primaryClass   = "astro-ph.CO",
SLACcitation   = "%%CITATION = ARXIV:1109.6322;%%"
}

@article{Holdom:1985ag,
author         = "Holdom, Bob",
title          = "{Two U(1)'s and Epsilon Charge Shifts}",
journal        = "Phys. Lett.",
volume         = "B166",
year           = "1986",
pages          = "196-198",
doi            = "10.1016/0370-2693(86)91377-8",
reportNumber   = "UTPT-85-30",
SLACcitation   = "%%CITATION = PHLTA,B166,196;%%"
}

@article{Krnjaic:2015mbs,
author         = "Krnjaic, Gordan",
title          = "{Probing Light Thermal Dark-Matter With a Higgs Portal
Mediator}",
year           = "2015",
eprint         = "1512.04119",
archivePrefix  = "arXiv",
primaryClass   = "hep-ph",
reportNumber   = "FERMILAB-PUB-15-550-A",
      SLACcitation   = "%%CITATION = ARXIV:1512.04119;%%"
}

@article{Pospelov:2007mp,
      author         = "Pospelov, Maxim and Ritz, Adam and Voloshin, Mikhail B.",
      title          = "{Secluded WIMP Dark Matter}",
      journal        = "Phys. Lett.",
      volume         = "B662",
      year           = "2008",
      pages          = "53-61",
      doi            = "10.1016/j.physletb.2008.02.052",
      eprint         = "0711.4866",
      archivePrefix  = "arXiv",
      primaryClass   = "hep-ph",
      SLACcitation   = "%%CITATION = ARXIV:0711.4866;%%"
}

@article{Feng:2010gw,
      author         = "Feng, Jonathan L.",
      title          = "{Dark Matter Candidates from Particle Physics and Methods
                        of Detection}",
      journal        = "Ann. Rev. Astron. Astrophys.",
      volume         = "48",
      year           = "2010",
      pages          = "495-545",
      doi            = "10.1146/annurev-astro-082708-101659",
      eprint         = "1003.0904",
      archivePrefix  = "arXiv",
      primaryClass   = "astro-ph.CO",
      reportNumber   = "UCI-TR-2009-13",
      SLACcitation   = "%%CITATION = ARXIV:1003.0904;%%"
}

@article{Dodelson:1993je,
      author         = "Dodelson, Scott and Widrow, Lawrence M.",
      title          = "{Sterile-neutrinos as dark matter}",
      journal        = "Phys. Rev. Lett.",
      volume         = "72",
      year           = "1994",
      pages          = "17-20",
      doi            = "10.1103/PhysRevLett.72.17",
      eprint         = "hep-ph/9303287",
      archivePrefix  = "arXiv",
      primaryClass   = "hep-ph",
      reportNumber   = "FERMILAB-PUB-93-057-A",
      SLACcitation   = "%%CITATION = HEP-PH/9303287;%%"
}

@article{ATLAS:2012ky,
      author         = "Aad, Georges and others",
      title          = "{Search for dark matter candidates and large extra
                        dimensions in events with a jet and missing transverse
                        momentum with the ATLAS detector}",
      collaboration  = "ATLAS",
      journal        = "JHEP",
      volume         = "04",
      year           = "2013",
      pages          = "075",
      doi            = "10.1007/JHEP04(2013)075",
      eprint         = "1210.4491",
      archivePrefix  = "arXiv",
      primaryClass   = "hep-ex",
      reportNumber   = "CERN-PH-EP-2012-210",
      SLACcitation   = "%%CITATION = ARXIV:1210.4491;%%"
}

@article{Khachatryan:2014rra,
      author         = "Khachatryan, Vardan and others",
      title          = "{Search for dark matter, extra dimensions, and
                        unparticles in monojet events in protonâ€“proton
                        collisions at $\sqrt{s} = 8$ TeV}",
      collaboration  = "CMS",
      journal        = "Eur. Phys. J.",
      volume         = "C75",
      year           = "2015",
      number         = "5",
      pages          = "235",
      doi            = "10.1140/epjc/s10052-015-3451-4",
      eprint         = "1408.3583",
      archivePrefix  = "arXiv",
      primaryClass   = "hep-ex",
      reportNumber   = "CMS-EXO-12-048, CERN-PH-EP-2014-164",
      SLACcitation   = "%%CITATION = ARXIV:1408.3583;%%"
}

@article{Ackermann:2011wa,
      author         = "Ackermann, M. and others",
      title          = "{Constraining Dark Matter Models from a Combined Analysis
                        of Milky Way Satellites with the Fermi Large Area
                        Telescope}",
      collaboration  = "Fermi-LAT",
      journal        = "Phys. Rev. Lett.",
      volume         = "107",
      year           = "2011",
      pages          = "241302",
      doi            = "10.1103/PhysRevLett.107.241302",
      eprint         = "1108.3546",
      archivePrefix  = "arXiv",
      primaryClass   = "astro-ph.HE",
      reportNumber   = "SLAC-PUB-15004",
      SLACcitation   = "%%CITATION = ARXIV:1108.3546;%%"
}

@article{DRIFTPRL,
title = {Low pressure negative ion time projection chamber for dark matter search},
author = {Snowden-Ifft, D. P. and Martoff, C. J. and Burwell, J. M.},
journal = {Phys. Rev. D},
volume = {61},
issue = {10},
pages = {101301},
numpages = {5},
year = {2000},
month = {Apr},
publisher = {American Physical Society},
doi = {10.1103/PhysRevD.61.101301},
url = {http://link.aps.org/doi/10.1103/PhysRevD.61.101301}
}
@article{milliQPRL,
title = {Search for Millicharged Particles at SLAC},
author = {Prinz, A. A. and Baggs, R. and Ballam, J. and Ecklund, S. and Fertig, C. and Jaros, J. A. and Kase, K. and Kulikov, A. and Langeveld, W. G. J. and Leonard, R. and Marvin, T. and Nakashima, T. and Nelson, W. R. and Odian, A. and Pertsova, M. and Putallaz, G. and Weinstein, A.},
journal = {Phys. Rev. Lett.},
volume = {81},
issue = {6},
pages = {1175--1178},
numpages = {0},
year = {1998},
month = {Aug},
publisher = {American Physical Society},
doi = {10.1103/PhysRevLett.81.1175},
url = {http://link.aps.org/doi/10.1103/PhysRevLett.81.1175},
}

@article{SLACLDMA,
title = {Searching for Light Dark Matter with the SLAC Millicharge Experiment},
author = {Diamond, M. and Schuster, P.},
journal = {Phys. Rev. Lett.},
volume = {111},
issue = {22},
pages = {221803},
numpages = {5},
year = {2013},
month = {Nov},
publisher = {American Physical Society},
doi = {10.1103/PhysRevLett.111.221803},
url = {http://link.aps.org/doi/10.1103/PhysRevLett.111.221803},
}

@book{Gammas,
title = {Measurement of Weak Radioactivity},
author = {P. Theodórsson},
publisher = {World Scientific, New Jersey},
pages = {123},
year = {1996},
}

@book{SRIM,
title = {The Stopping and Range of Ions in Solids vol. 1 of series Stopping and Ranges of Ions in Matter},
author = {J.F. Ziegler and J.P, Biersack and U. Littmark},
publisher = {Pergamon Press, New York},
year = {1984},
url = {http://www.srim.org},
}

@article{DRIFT-mobility,
author = "Snowden-Ifft, D. P. and Gauvreau, J.-L.",
title = "High precision measurements of carbon disulfide negative ion mobility and diffusion",
journal = "Review of Scientific Instruments",
year = "2013",
volume = "84",
number = "5",
eid = 053304,
pages = "",
url = "http://scitation.aip.org/content/aip/journal/rsi/84/5/10.1063/1.4803004",
doi = "http://dx.doi.org/10.1063/1.4803004"
}

@article{Burgos2009261,
title = "First measurement of the headâ€“tail directional nuclear recoil signature at energies relevant to \{WIMP\} dark matter searches ",
journal = "Astroparticle Physics ",
volume = "31",
number = "4",
pages = "261 - 266",
year = "2009",
note = "",
issn = "0927-6505",
doi = "http://dx.doi.org/10.1016/j.astropartphys.2009.02.003",
url = "http://www.sciencedirect.com/science/article/pii/S0927650509000310",
author = "S. Burgos and  others",
keywords = "Dark matter",
keywords = "WIMPs",
keywords = "Neutralino",
keywords = "Negative ion TPC",
keywords = "DRIFT",
keywords = "Directionality",
keywords = "Boulby "
}

@article{Burgos2009417,
title = "Measurement of the range component directional signature in a DRIFT-II detector using 252Cf neutrons ",
journal = "Nucl. Instr. and Meth. A",
volume = "600",
number = "2",
pages = "417 - 423",
year = "2009",
note = "",
issn = "0168-9002",
doi = "http://dx.doi.org/10.1016/j.nima.2008.11.147",
url = "http://www.sciencedirect.com/science/article/pii/S0168900208017518",
author = "S. Burgos and others",
keywords = "Dark matter",
keywords = "WIMP",
keywords = "DRIFT",
keywords = "Directionality",
keywords = "Time projection chamber",
keywords = "Negative ion \{TPC\} "
}

@article{Drift-MinorityCarriers,
author = "Snowden-Ifft, Daniel P.",
title = "Discovery of multiple, ionization-created CS2 anions and a new mode of operation for drift chambers",
journal = "Review of Scientific Instruments",
year = "2014",
volume = "85",
number = "1",
eid = 013303,
pages = "",
url = "http://scitation.aip.org/content/aip/journal/rsi/85/1/10.1063/1.4861908",
doi = "http://dx.doi.org/10.1063/1.4861908"
}

@article{Drift-ScholbergNeutrino,
title = {Prospects for measuring coherent neutrino-nucleus elastic scattering at a stopped-pion neutrino source},
author = {Scholberg, Kate},
journal = {Phys. Rev. D},
volume = {73},
issue = {3},
pages = {033005},
numpages = {9},
year = {2006},
month = {Feb},
publisher = {American Physical Society},
doi = {10.1103/PhysRevD.73.033005},
url = {http://link.aps.org/doi/10.1103/PhysRevD.73.033005}
}

@article{Drift-milliQThesis,
title = {The Search for Millicharged Particles at SLAC},
author = {Prinz, A. A.},
journal = {SLAC Report},
volume = {569},
year = {2001},
publisher = {Stanford Linear Accelerator Center},
url = {http://www.slac.stanford.edu/cgi-wrap/getdoc/slac-r-569.pdf}
}

@article{DaSilva1995553,
title = "Neutron background for a dark matter experiment at a shallow depth site ",
journal = "Nucl. Instr. and Meth. A",
volume = "354",
number = "2â€“3",
pages = "553 - 559",
year = "1995",
note = "",
issn = "0168-9002",
doi = "http://dx.doi.org/10.1016/0168-9002(94)01049-8",
url = "http://www.sciencedirect.com/science/article/pii/0168900294010498",
author = "A. Da Silva and B. Pritychenko and B.L. Dougherty and M. Gray and A. Lu and A. Smith and D.S. Akerib and D. Bauer and B. Cabrera and D.O. Caldwell and R.E. Lanou and B. Sadoulet and S. Yellin",
abstract = "The neutron flux in the Stanford Underground Facility, a shallow depth site with an overburden of 17 Â± 1 m.w.e., has been measured using a moderated \{BF3\} proportional counter. This counter has also been used to measure the neutron flux inside various shielding configurations required for a dark matter search at this site. These measurements demonstrate that lead shielding, used for photon attenuation, acts as a strong neutron source, with the neutrons being produced primarily by cosmic ray muon interactions within the lead. We have determined the production rate of cosmic ray induced neutrons in lead at this depth. Fortunately, these measurements also demonstrate that it is possible to moderate and capture these neutrons so that the resulting neutron flux is no longer sensitive to the presence of the lead shielding. For a dark matter search, however, care still has to be taken to minimize the inactive mass near the detector. "
}

@article{Baudis:2012bc,
      author         = "Baudis, Laura",
      title          = "{DARWIN: dark matter WIMP search with noble liquids}",
      booktitle      = "{Proceedings, 12th International Conference on Topics in
                        Astroparticle and Underground Physics (TAUP 2011)}",
      collaboration  = "DARWIN Consortium",
      journal        = "J. Phys. Conf. Ser.",
      volume         = "375",
      year           = "2012",
      pages          = "012028",
      doi            = "10.1088/1742-6596/375/1/012028",
      eprint         = "1201.2402",
      archivePrefix  = "arXiv",
      primaryClass   = "astro-ph.IM",
      reportNumber   = "UZH-PI-DARWIN-03",
      SLACcitation   = "%%CITATION = ARXIV:1201.2402;%%"
}

@article{Akerib:2015cja,
      author         = "Akerib, D. S. and others",
      title          = "{LUX-ZEPLIN (LZ) Conceptual Design Report}",
      collaboration  = "LZ",
      year           = "2015",
      eprint         = "1509.02910",
      archivePrefix  = "arXiv",
      primaryClass   = "physics.ins-det",
      reportNumber   = "LBNL-190005, FERMILAB-TM-2621-AE-E-PPD",
      SLACcitation   = "%%CITATION = ARXIV:1509.02910;%%"
}

@article{Aprile:2012zx,
      author         = "Aprile, Elena",
      title          = "{The XENON1T Dark Matter Search Experiment}",
      booktitle      = "{Proceedings, 10th UCLA Symposium on Sources and
                        Detection of Dark Matter and Dark Energy in the Universe}",
      collaboration  = "XENON1T",
      journal        = "Springer Proc. Phys.",
      volume         = "148",
      year           = "2013",
      pages          = "93-96",
      doi            = "10.1007/978-94-007-7241-0_14",
      eprint         = "1206.6288",
      archivePrefix  = "arXiv",
      primaryClass   = "astro-ph.IM",
      SLACcitation   = "%%CITATION = ARXIV:1206.6288;%%"
}

@article{Ahmed:2009zw,
      author         = "Ahmed, Z. and others",
      title          = "{Dark Matter Search Results from the CDMS II Experiment}",
      collaboration  = "CDMS-II",
      journal        = "Science",
      volume         = "327",
      year           = "2010",
      pages          = "1619-1621",
      doi            = "10.1126/science.1186112",
      eprint         = "0912.3592",
      archivePrefix  = "arXiv",
      primaryClass   = "astro-ph.CO",
      reportNumber   = "FERMILAB-PUB-09-637-AE",
      SLACcitation   = "%%CITATION = ARXIV:0912.3592;%%"
}

@article{Aprile:2012nq,
      author         = "Aprile, E. and others",
      title          = "{Dark Matter Results from 225 Live Days of XENON100
                        Data}",
      collaboration  = "XENON100",
      journal        = "Phys. Rev. Lett.",
      volume         = "109",
      year           = "2012",
      pages          = "181301",
      doi            = "10.1103/PhysRevLett.109.181301",
      eprint         = "1207.5988",
      archivePrefix  = "arXiv",
      primaryClass   = "astro-ph.CO",
      SLACcitation   = "%%CITATION = ARXIV:1207.5988;%%"
}

@article{Akerib:2013tjd,
      author         = "Akerib, D. S. and others",
      title          = "{First results from the LUX dark matter experiment at the
                        Sanford Underground Research Facility}",
      collaboration  = "LUX",
      journal        = "Phys. Rev. Lett.",
      volume         = "112",
      year           = "2014",
      pages          = "091303",
      doi            = "10.1103/PhysRevLett.112.091303",
      eprint         = "1310.8214",
      archivePrefix  = "arXiv",
      primaryClass   = "astro-ph.CO",
      SLACcitation   = "%%CITATION = ARXIV:1310.8214;%%"
}



@article{Randall:1999ee,
      author         = "Randall, Lisa and Sundrum, Raman",
      title          = "{A Large mass hierarchy from a small extra dimension}",
      journal        = "Phys. Rev. Lett.",
      volume         = "83",
      year           = "1999",
      pages          = "3370-3373",
      doi            = "10.1103/PhysRevLett.83.3370",
      eprint         = "hep-ph/9905221",
      archivePrefix  = "arXiv",
      primaryClass   = "hep-ph",
      reportNumber   = "MIT-CTP-2860, PUPT-1860, BUHEP-99-9",
      SLACcitation   = "%%CITATION = HEP-PH/9905221;%%"
}

@article{ArkaniHamed:1998rs,
      author         = "Arkani-Hamed, Nima and Dimopoulos, Savas and Dvali, G.
                        R.",
      title          = "{The Hierarchy problem and new dimensions at a
                        millimeter}",
      journal        = "Phys. Lett.",
      volume         = "B429",
      year           = "1998",
      pages          = "263-272",
      doi            = "10.1016/S0370-2693(98)00466-3",
      eprint         = "hep-ph/9803315",
      archivePrefix  = "arXiv",
      primaryClass   = "hep-ph",
      reportNumber   = "SLAC-PUB-7769, SU-ITP-98-13",
      SLACcitation   = "%%CITATION = HEP-PH/9803315;%%"
}

@article{Chacko:2005pe,
      author         = "Chacko, Z. and Goh, Hock-Seng and Harnik, Roni",
      title          = "{The Twin Higgs: Natural electroweak breaking from mirror
                        symmetry}",
      journal        = "Phys. Rev. Lett.",
      volume         = "96",
      year           = "2006",
      pages          = "231802",
      doi            = "10.1103/PhysRevLett.96.231802",
      eprint         = "hep-ph/0506256",
      archivePrefix  = "arXiv",
      primaryClass   = "hep-ph",
      SLACcitation   = "%%CITATION = HEP-PH/0506256;%%"
}

@article{Kaplan:1983fs,
      author         = "Kaplan, David B. and Georgi, Howard",
      title          = "{SU(2) x U(1) Breaking by Vacuum Misalignment}",
      journal        = "Phys. Lett.",
      volume         = "B136",
      year           = "1984",
      pages          = "183-186",
      doi            = "10.1016/0370-2693(84)91177-8",
      reportNumber   = "HUTP-83/A069",
      SLACcitation   = "%%CITATION = PHLTA,B136,183;%%"
}

@article{Kaplan:1983sm,
      author         = "Kaplan, David B. and Georgi, Howard and Dimopoulos,
                        Savas",
      title          = "{Composite Higgs Scalars}",
      journal        = "Phys. Lett.",
      volume         = "B136",
      year           = "1984",
      pages          = "187-190",
      doi            = "10.1016/0370-2693(84)91178-X",
      reportNumber   = "HUTP-83/A079",
      SLACcitation   = "%%CITATION = PHLTA,B136,187;%%"
}

@article{Georgi:1984af,
      author         = "Georgi, Howard and Kaplan, David B.",
      title          = "{Composite Higgs and Custodial SU(2)}",
      journal        = "Phys. Lett.",
      volume         = "B145",
      year           = "1984",
      pages          = "216-220",
      doi            = "10.1016/0370-2693(84)90341-1",
      reportNumber   = "HUTP-84/A034",
      SLACcitation   = "%%CITATION = PHLTA,B145,216;%%"
}

@article{Dugan:1984hq,
      author         = "Dugan, Michael J. and Georgi, Howard and Kaplan, David
                        B.",
      title          = "{Anatomy of a Composite Higgs Model}",
      journal        = "Nucl. Phys.",
      volume         = "B254",
      year           = "1985",
      pages          = "299-326",
      doi            = "10.1016/0550-3213(85)90221-4",
      reportNumber   = "HUTP-84/A073",
      SLACcitation   = "%%CITATION = NUPHA,B254,299;%%"
}   

@article{Dimopoulos:1981zb,
      author         = "Dimopoulos, Savas and Georgi, Howard",
      title          = "{Softly Broken Supersymmetry and SU(5)}",
      journal        = "Nucl. Phys.",
      volume         = "B193",
      year           = "1981",
      pages          = "150-162",
      doi            = "10.1016/0550-3213(81)90522-8",
      reportNumber   = "HUTP-81/A022",
      SLACcitation   = "%%CITATION = NUPHA,B193,150;%%"
}

@article{Ade:2015xua,
      author         = "Ade, P. A. R. and others",
      title          = "{Planck 2015 results. XIII. Cosmological parameters}",
      collaboration  = "Planck",
      year           = "2015",
      eprint         = "1502.01589",
      archivePrefix  = "arXiv",
      primaryClass   = "astro-ph.CO",
      SLACcitation   = "%%CITATION = ARXIV:1502.01589;%%"
}

@article{Agashe:2014kda,
      author         = "Olive, K. A. and others",
      title          = "{Review of Particle Physics}",
      collaboration  = "Particle Data Group",
      journal        = "Chin. Phys.",
      volume         = "C38",
      year           = "2014",
      pages          = "090001",
      doi            = "10.1088/1674-1137/38/9/090001",
      SLACcitation   = "%%CITATION = CHPHD,C38,090001;%%"
}

@article{Raggi:2015gza,
      author         = "Raggi, Mauro and Kozhuharov, Venelin and Valente, P.",
      title          = "{The PADME experiment at LNF}",
      booktitle      = "{Proceedings, Dark Matter, Hadron Physics and Fusion
                        Physics (DHF2014)}",
      journal        = "EPJ Web Conf.",
      volume         = "96",
      year           = "2015",
      pages          = "01025",
      doi            = "10.1051/epjconf/20159601025",
      eprint         = "1501.01867",
      archivePrefix  = "arXiv",
      primaryClass   = "hep-ex",
      SLACcitation   = "%%CITATION = ARXIV:1501.01867;%%"
}

@article{Essig:2015cda,
      author         = "Essig, Rouven and Fernandez-Serra, Marivi and Mardon,
                        Jeremy and Soto, Adrian and Volansky, Tomer and Yu,
                        Tien-Tien",
      title          = "{Direct Detection of sub-GeV Dark Matter with
                        Semiconductor Targets}",
      year           = "2015",
      eprint         = "1509.01598",
      archivePrefix  = "arXiv",
      primaryClass   = "hep-ph",
      SLACcitation   = "%%CITATION = ARXIV:1509.01598;%%"
}

@inproceedings{Essig:2013lka,
      author         = "Essig, Rouven and others",
      title          = "{Working Group Report: New Light Weakly Coupled
                        Particles}",
      booktitle      = "{Community Summer Study 2013: Snowmass on the Mississippi
                        (CSS2013) Minneapolis, MN, USA, July 29-August 6, 2013}",
      url            = "https://inspirehep.net/record/1263039/files/arXiv:1311.0029.pdf",
      year           = "2013",
      eprint         = "1311.0029",
      archivePrefix  = "arXiv",
      primaryClass   = "hep-ph",
      reportNumber   = "YITP-SB-36",
      SLACcitation   = "%%CITATION = ARXIV:1311.0029;%%"
}

@article{Essig:2012yx,
      author         = "Essig, Rouven and Manalaysay, Aaron and Mardon, Jeremy
                        and Sorensen, Peter and Volansky, Tomer",
      title          = "{First Direct Detection Limits on sub-GeV Dark Matter
                        from XENON10}",
      journal        = "Phys. Rev. Lett.",
      volume         = "109",
      year           = "2012",
      pages          = "021301",
      doi            = "10.1103/PhysRevLett.109.021301",
      eprint         = "1206.2644",
      archivePrefix  = "arXiv",
      primaryClass   = "astro-ph.CO",
      reportNumber   = "YITP-SB-01-12",
      SLACcitation   = "%%CITATION = ARXIV:1206.2644;%%"
}

@article{Essig:2011nj,
      author         = "Essig, Rouven and Mardon, Jeremy and Volansky, Tomer",
      title          = "{Direct Detection of Sub-GeV Dark Matter}",
      journal        = "Phys. Rev.",
      volume         = "D85",
      year           = "2012",
      pages          = "076007",
      doi            = "10.1103/PhysRevD.85.076007",
      eprint         = "1108.5383",
      archivePrefix  = "arXiv",
      primaryClass   = "hep-ph",
      reportNumber   = "SLAC-PUB-14538",
      SLACcitation   = "%%CITATION = ARXIV:1108.5383;%%"
}

@article{Graham:2012su,
      author         = "Graham, Peter W. and Kaplan, David E. and Rajendran,
                        Surjeet and Walters, Matthew T.",
      title          = "{Semiconductor Probes of Light Dark Matter}",
      journal        = "Phys. Dark Univ.",
      volume         = "1",
      year           = "2012",
      pages          = "32-49",
      doi            = "10.1016/j.dark.2012.09.001",
      eprint         = "1203.2531",
      archivePrefix  = "arXiv",
      primaryClass   = "hep-ph",
      SLACcitation   = "%%CITATION = ARXIV:1203.2531;%%"
}


@article{Boehm:2002yz,
      author         = "Boehm, C. and Ensslin, T. A. and Silk, J.",
      title          = "{Can Annihilating dark matter be lighter than a few
                        GeVs?}",
      journal        = "J. Phys.",
      volume         = "G30",
      year           = "2004",
      pages          = "279-286",
      doi            = "10.1088/0954-3899/30/3/004",
      eprint         = "astro-ph/0208458",
      archivePrefix  = "arXiv",
      primaryClass   = "astro-ph",
      SLACcitation   = "%%CITATION = ASTRO-PH/0208458;%%"
}

@article{Boehm:2003hm,
      author         = "Boehm, C. and Fayet, Pierre",
      title          = "{Scalar dark matter candidates}",
      journal        = "Nucl. Phys.",
      volume         = "B683",
      year           = "2004",
      pages          = "219-263",
      doi            = "10.1016/j.nuclphysb.2004.01.015",
      eprint         = "hep-ph/0305261",
      archivePrefix  = "arXiv",
      primaryClass   = "hep-ph",
      SLACcitation   = "%%CITATION = HEP-PH/0305261;%%"
}


@article{ArkaniHamed:2008qn,
      author         = "Arkani-Hamed, Nima and Finkbeiner, Douglas P. and
                        Slatyer, Tracy R. and Weiner, Neal",
      title          = "{A Theory of Dark Matter}",
      journal        = "Phys. Rev.",
      volume         = "D79",
      year           = "2009",
      pages          = "015014",
      doi            = "10.1103/PhysRevD.79.015014",
      eprint         = "0810.0713",
      archivePrefix  = "arXiv",
      primaryClass   = "hep-ph",
      SLACcitation   = "%%CITATION = ARXIV:0810.0713;%%"
}


@article{Dharmapalan:2012xp,
      author         = "Dharmapalan, R. and others",
      title          = "{Low Mass WIMP Searches with a Neutrino Experiment: A
                        Proposal for Further MiniBooNE Running}",
      collaboration  = "MiniBooNE",
      year           = "2012",
      eprint         = "1211.2258",
      archivePrefix  = "arXiv",
      primaryClass   = "hep-ex",
      reportNumber   = "FERMILAB-PROPOSAL-1032",
      SLACcitation   = "%%CITATION = ARXIV:1211.2258;%%"
}

@article{Diamond:2013oda,
      author         = "Diamond, Miriam D. and Schuster, Philip",
      title          = "{Searching for Light Dark Matter with the SLAC
                        Millicharge Experiment}",
      journal        = "Phys. Rev. Lett.",
      volume         = "111",
      year           = "2013",
      number         = "22",
      pages          = "221803",
      doi            = "10.1103/PhysRevLett.111.221803",
      eprint         = "1307.6861",
      archivePrefix  = "arXiv",
      primaryClass   = "hep-ph",
      SLACcitation   = "%%CITATION = ARXIV:1307.6861;%%"
}


@article{Izaguirre:2014dua,
      author         = "Izaguirre, Eder and Krnjaic, Gordan and Schuster, Philip
                        and Toro, Natalia",
      title          = "{Physics motivation for a pilot dark matter search at
                        Jefferson Laboratory}",
      journal        = "Phys. Rev.",
      volume         = "D90",
      year           = "2014",
      number         = "1",
      pages          = "014052",
      doi            = "10.1103/PhysRevD.90.014052",
      eprint         = "1403.6826",
      archivePrefix  = "arXiv",
      primaryClass   = "hep-ph",
      SLACcitation   = "%%CITATION = ARXIV:1403.6826;%%"
}


@article{Morrissey:2014yma,
      author         = "Morrissey, David E. and Spray, Andrew Paul",
      title          = "{New Limits on Light Hidden Sectors from Fixed-Target
                        Experiments}",
      journal        = "JHEP",
      volume         = "06",
      year           = "2014",
      pages          = "083",
      doi            = "10.1007/JHEP06(2014)083",
      eprint         = "1402.4817",
      archivePrefix  = "arXiv",
      primaryClass   = "hep-ph",
      SLACcitation   = "%%CITATION = ARXIV:1402.4817;%%"
}


@article{Batell:2009di,
      author         = "Batell, Brian and Pospelov, Maxim and Ritz, Adam",
      title          = "{Exploring Portals to a Hidden Sector Through Fixed
                        Targets}",
      journal        = "Phys. Rev.",
      volume         = "D80",
      year           = "2009",
      pages          = "095024",
      doi            = "10.1103/PhysRevD.80.095024",
      eprint         = "0906.5614",
      archivePrefix  = "arXiv",
      primaryClass   = "hep-ph",
      SLACcitation   = "%%CITATION = ARXIV:0906.5614;%%"
}


@article{deNiverville:2011it,
      author         = "deNiverville, Patrick and Pospelov, Maxim and Ritz, Adam",
      title          = "{Observing a light dark matter beam with neutrino
                        experiments}",
      journal        = "Phys. Rev.",
      volume         = "D84",
      year           = "2011",
      pages          = "075020",
      doi            = "10.1103/PhysRevD.84.075020",
      eprint         = "1107.4580",
      archivePrefix  = "arXiv",
      primaryClass   = "hep-ph",
      SLACcitation   = "%%CITATION = ARXIV:1107.4580;%%"
}

@article{deNiverville:2012ij,
      author         = "deNiverville, Patrick and McKeen, David and Ritz, Adam",
      title          = "{Signatures of sub-GeV dark matter beams at neutrino
                        experiments}",
      journal        = "Phys. Rev.",
      volume         = "D86",
      year           = "2012",
      pages          = "035022",
      doi            = "10.1103/PhysRevD.86.035022",
      eprint         = "1205.3499",
      archivePrefix  = "arXiv",
      primaryClass   = "hep-ph",
      SLACcitation   = "%%CITATION = ARXIV:1205.3499;%%"
}

@article{Auerbach:2001wg,
      author         = "Auerbach, L. B. and others",
      title          = "{Measurement of electron - neutrino - electron elastic
                        scattering}",
      collaboration  = "LSND",
      journal        = "Phys. Rev.",
      volume         = "D63",
      year           = "2001",
      pages          = "112001",
      doi            = "10.1103/PhysRevD.63.112001",
      eprint         = "hep-ex/0101039",
      archivePrefix  = "arXiv",
      primaryClass   = "hep-ex",
      SLACcitation   = "%%CITATION = HEP-EX/0101039;%%"
}


@article{Izaguirre:2013uxa,
      author         = "Izaguirre, Eder and Krnjaic, Gordan and Schuster, Philip
                        and Toro, Natalia",
      title          = "{New Electron Beam-Dump Experiments to Search for MeV to
                        few-GeV Dark Matter}",
      journal        = "Phys. Rev.",
      volume         = "D88",
      year           = "2013",
      pages          = "114015",
      doi            = "10.1103/PhysRevD.88.114015",
      eprint         = "1307.6554",
      archivePrefix  = "arXiv",
      primaryClass   = "hep-ph",
      SLACcitation   = "%%CITATION = ARXIV:1307.6554;%%"
}


@article{Bjorken:1988as,
      author         = "Bjorken, J. D. and Ecklund, S. and Nelson, W. R. and
                        Abashian, A. and Church, C. and Lu, B. and Mo, L. W. and
                        Nunamaker, T. A. and Rassmann, P.",
      title          = "{Search for Neutral Metastable Penetrating Particles
                        Produced in the SLAC Beam Dump}",
      journal        = "Phys. Rev.",
      volume         = "D38",
      year           = "1988",
      pages          = "3375",
      doi            = "10.1103/PhysRevD.38.3375",
      reportNumber   = "FERMILAB-PUB-88-044, PRINT-88-0352 (FERMILAB)",
      SLACcitation   = "%%CITATION = PHRVA,D38,3375;%%"
}


@article{Batell:2014mga,
      author         = "Batell, Brian and Essig, Rouven and Surujon, Ze'ev",
      title          = "{Strong Constraints on Sub-GeV Dark Sectors from SLAC
                        Beam Dump E137}",
      journal        = "Phys. Rev. Lett.",
      volume         = "113",
      year           = "2014",
      number         = "17",
      pages          = "171802",
      doi            = "10.1103/PhysRevLett.113.171802",
      eprint         = "1406.2698",
      archivePrefix  = "arXiv",
      primaryClass   = "hep-ph",
      SLACcitation   = "%%CITATION = ARXIV:1406.2698;%%"
}



@article{TuckerSmith:2001hy,
      author         = "Tucker-Smith, David and Weiner, Neal",
      title          = "{Inelastic dark matter}",
      journal        = "Phys. Rev.",
      volume         = "D64",
      year           = "2001",
      pages          = "043502",
      doi            = "10.1103/PhysRevD.64.043502",
      eprint         = "hep-ph/0101138",
      archivePrefix  = "arXiv",
      primaryClass   = "hep-ph",
      reportNumber   = "UCB-PTH-00-43, LBNL-47234, UW-PT-00-17",
      SLACcitation   = "%%CITATION = HEP-PH/0101138;%%"
}


@article{Bjorken:2009mm,
      author         = "Bjorken, James D. and Essig, Rouven and Schuster, Philip
                        and Toro, Natalia",
      title          = "{New Fixed-Target Experiments to Search for Dark Gauge
                        Forces}",
      journal        = "Phys. Rev.",
      volume         = "D80",
      year           = "2009",
      pages          = "075018",
      doi            = "10.1103/PhysRevD.80.075018",
      eprint         = "0906.0580",
      archivePrefix  = "arXiv",
      primaryClass   = "hep-ph",
      reportNumber   = "SLAC-PUB-13650, SU-ITP-09-22",
      SLACcitation   = "%%CITATION = ARXIV:0906.0580;%%"
}


@article{Raggi:2014zpa,
      author         = "Raggi, Mauro and Kozhuharov, Venelin",
      title          = "{Proposal to Search for a Dark Photon in Positron on
                        Target Collisions at DA$\Phi$NE Linac}",
      journal        = "Adv. High Energy Phys.",
      volume         = "2014",
      year           = "2014",
      pages          = "959802",
      doi            = "10.1155/2014/959802",
      eprint         = "1403.3041",
      archivePrefix  = "arXiv",
      primaryClass   = "physics.ins-det",
      reportNumber   = "INFN-14-04-LNF",
      SLACcitation   = "%%CITATION = ARXIV:1403.3041;%%"
}



@article{Wojtsekhowski:2012zq,
      author         = "Wojtsekhowski, B. and Nikolenko, D. and Rachek, I.",
      title          = "{Searching for a new force at VEPP-3}",
      year           = "2012",
      eprint         = "1207.5089",
      archivePrefix  = "arXiv",
      primaryClass   = "hep-ex",
      reportNumber   = "JLAB-PHY-12-1597, DOE-OR-23177-2213",
      SLACcitation   = "%%CITATION = ARXIV:1207.5089;%%"
}

  
  
  @article{Andreas:2013lya,
      author         = "Andreas, S. and others",
      title          = "{Proposal for an Experiment to Search for Light Dark
                        Matter at the SPS}",
      year           = "2013",
      eprint         = "1312.3309",
      archivePrefix  = "arXiv",
      primaryClass   = "hep-ex",
      SLACcitation   = "%%CITATION = ARXIV:1312.3309;%%"
}


  @article{Gninenko:2013rka,
      author         = "Gninenko, S. N.",
      title          = "{Search for MeV dark photons in a
                        light-shining-through-walls experiment at CERN}",
      journal        = "Phys. Rev.",
      volume         = "D89",
      year           = "2014",
      number         = "7",
      pages          = "075008",
      doi            = "10.1103/PhysRevD.89.075008",
      eprint         = "1308.6521",
      archivePrefix  = "arXiv",
      primaryClass   = "hep-ph",
      SLACcitation   = "%%CITATION = ARXIV:1308.6521;%%"
}  
  
 

@article{Baturin:2005hr,
      author         = "Baturin, V. and others",
      title          = "{Time-of-flight resolution of scintillating counters with
                        Burle 85001 microchannel plate photomultipliers in
                        comparison with Hamamatsu R2083}",
      journal        = "Nucl. Instrum. Meth.",
      volume         = "A562",
      year           = "2006",
      pages          = "327-337",
      doi            = "10.1016/j.nima.2006.02.201",
      eprint         = "nucl-ex/0506020",
      archivePrefix  = "arXiv",
      primaryClass   = "nucl-ex",
      reportNumber   = "JLAB-PHY-05-314",
      SLACcitation   = "%%CITATION = NUCL-EX/0506020;%%"
}


@article{formaggio:2012,
      author         = "J. A. Formaggio and G. P. Zeller",
      title          = "{From eV to EeV: Neutrino cross sections across energy scales}",
      journal        = "Rev. Mod. Phys.",
      volume         = "84",
      year           = "2012",
      pages          = "1307",
      doi            = "http://dx.doi.org/10.1103/RevModPhys.84.1307",
      eprint         = "arXiv:1305.7513",
      archivePrefix  = "arXiv",
      primaryClass   = "hep-ex"
}

@article{Appleton:1971kz,
      author         = "Appleton, I. C. and Hogue, M. T. and Rastin, B. C.",
      title          = "{A study of the muon momentum spectrum and
                        positive-negative ratio at sea-level}",
      journal        = "Nucl. Phys.",
      volume         = "B26",
      year           = "1971",
      pages          = "365-389",
      doi            = "10.1016/0550-3213(71)90555-4",
      SLACcitation   = "%%CITATION = NUPHA,B26,365;%%"
}


@article{Bahcall:2004fg,
      author         = "Bahcall, John N. and Pinsonneault, M. H.",
      title          = "{What do we (not) know theoretically about solar neutrino
                        fluxes?}",
      journal        = "Phys. Rev. Lett.",
      volume         = "92",
      year           = "2004",
      pages          = "121301",
      doi            = "10.1103/PhysRevLett.92.121301",
      eprint         = "astro-ph/0402114",
      archivePrefix  = "arXiv",
      primaryClass   = "astro-ph",
      SLACcitation   = "%%CITATION = ASTRO-PH/0402114;%%"
}


@article{GilBotella:2004bv,
      author         = "Gil Botella, Ines and Rubbia, A.",
      title          = "{Decoupling supernova and neutrino oscillation physics
                        with LAr TPC detectors}",
      journal        = "JCAP",
      volume         = "0408",
      year           = "2004",
      pages          = "001",
      doi            = "10.1088/1475-7516/2004/08/001",
      eprint         = "hep-ph/0404151",
      archivePrefix  = "arXiv",
      primaryClass   = "hep-ph",
      reportNumber   = "ICARUS-TM-04-04",
      SLACcitation   = "%%CITATION = HEP-PH/0404151;%%"
}


@ARTICLE{1369506, 
author={M. S. Gordon and others}, 
journal={IEEE Transactions on Nuclear Science}, 
title={Measurement of the flux and energy spectrum of cosmic-ray induced neutrons on the ground}, 
year={2004}, 
volume={51}, 
number={6}, 
pages={3427-3434}, 
keywords={cosmic ray apparatus;cosmic ray energy spectra;cosmic ray neutrons;logic devices;neutron detection;neutron effects;neutron spectrometers;solar activity;solar cosmic ray particles;United States;altitude dependence;analytic expression;computer logic devices;computer memories;cosmic-ray induced neutron flux;energy spectrum;extended-energy Bonner sphere spectrometer;geomagnetic dependence;ground-based measurements;neutron energy;neutron monitor rates;neutron radiation effects;neutron spectrometer;neutron spectroscopy;soft-error rate;solar-activity dependence;Alpha particles;Circuits;Cosmic rays;Energy measurement;Geomagnetism;Geophysics computing;Neutrons;Single event transient;Single event upset;Spectroscopy}, 
doi={10.1109/TNS.2004.839134}, 
ISSN={0018-9499}, 
month={Dec},
}

@ARTICLE{1589260, 
author={M. S. Gordon and others}, 
journal={IEEE Transactions on Nuclear Science}, 
title={Correction to \#8220 {"Measurement of the Flux and Energy Spectrum of Cosmic-Ray Induced Neutrons on the Ground"}}, 
year={2005}, 
volume={52}, 
number={6}, 
pages={2703-2703}, 
keywords={Neutrons}, 
doi={10.1109/TNS.2005.860694}, 
ISSN={0018-9499}, 
month={Dec},
}



@article{Anghinolfi:2004ds,
      author         = "Anghinolfi, M. and others",
      title          = "{The CLAS electromagnetic calorimeter at large angles}",
      journal        = "Nucl. Instrum. Meth.",
      volume         = "A537",
      year           = "2005",
      pages          = "562-570",
      doi            = "10.1016/j.nima.2004.08.070",
      eprint         = "nucl-ex/0403041",
      archivePrefix  = "arXiv",
      primaryClass   = "nucl-ex",
      reportNumber   = "JLAB-PHY-04-82",
      SLACcitation   = "%%CITATION = NUCL-EX/0403041;%%"
}


@misc{jlabDB,
author           = "{Qiang, Y.}",
title            = "{Jefferson Lab MySQL database \emph{halld\_sipm}}",
note            = "{\url{https://halldweb.jlab.org/wiki/index.php/SiPM\_Database}}",
year            = "2014"}

@techreport{jlabD000000107S004,
	Author = {E.S.~Smith},
	Institution = {Jefferson Lab},
	Month = jun,
	Note = {\url{https://misportal.jlab.org/jlabDocs/document.seam?id=70738}},
	Type = {Specification},
	Number = {D00000-01-07-S004 Rev-B},
	Title = {{Hall D BCAL Readout: Silicon Photomultiplier Array Specification}},
	Year = 2012}	

@techreport{hdnote1648,
        Author = {Zorn, C.},
        Institution = {Jefferson Lab},
        Month = dec,
        Note = {\url{http://argus.phys.uregina.ca/cgi-bin/private/DocDB/ShowDocument?docid=1648}},
        Number = {GlueX-doc-\textbf{1648}},
        Title = {{1st Article Test Setup for Hamamatsu MPPC arrays}},
        Year = 2010}
        
        
@techreport{bdxnote001,
        Author = {Smith, E.S.},
        Institution = {Jefferson Lab},
        Month = apr,
        Note = {\url{https://wiki.ge.infn.it/hps/index.php/BDX}},
        Number = {BDX-NOTE-2015-001},
        Title = {{Reference Concepts for BDX}},
        Year = 2015
}        

@techreport{bdxnote002,
        Author = {Smith, E.S.},
        Institution = {Jefferson Lab},
        Month = apr,
        Note = {\url{https://wiki.ge.infn.it/hps/index.php/BDX}},
        Number = {BDX-NOTE-2015-002},
        Title = {{Civil Reference C1 for BDX}},
        Year = 2015
}       


@article{Freedman:1993kz,
      author         = "Freedman, S.J.  and others",
      title          = "{Limits on neutrino oscillations from
                        anti-electron-neutrino appearance}",
      journal        = "Phys.Rev.",
      volume         = "D47",
      pages          = "811-829",
      doi            = "10.1103/PhysRevD.47.811",
      year           = "1993",
      SLACcitation   = "%%CITATION = PHRVA,D47,811;%%",
}

 @article{Aubert:2001tu,
      author         = "Aubert, Bernard and others",
      title          = "{The BaBar detector}",
      collaboration  = "BaBar",
      journal        = "Nucl.Instrum.Meth.",
      volume         = "A479",
      pages          = "1-116",
      doi            = "10.1016/S0168-9002(01)02012-5",
      year           = "2002",
      eprint         = "hep-ex/0105044",
      archivePrefix  = "arXiv",
      primaryClass   = "hep-ex",
      reportNumber   = "SLAC-PUB-8569, BABAR-PUB-01-08",
      note = "{\url{http://arxiv.org/abs/hep-ex/0105044}}",
      SLACcitation   = "%%CITATION = HEP-EX/0105044;%%",
}    
    

@article{LOI_bdx,
      author         = "Battaglieri, M. and others",
      title          = "{Dark matter search in a Beam-Dump eXperiment (BDX) at
                        Jefferson Lab}",
      collaboration  = "BDX",
      year           = "2014",
      eprint         = "1406.3028",
      archivePrefix  = "arXiv",
      primaryClass   = "physics.ins-det",
      reportNumber   = "JLAB-PHY-14-1914",
      SLACcitation   = "%%CITATION = ARXIV:1406.3028;%%"
}


@article{Davoudiasl:2015hxa,
      author         = "Davoudiasl, Hooman and Marciano, William J.",
      title          = "{Running of the U(1) coupling in the dark sector}",
      journal        = "Phys. Rev.",
      volume         = "D92",
      year           = "2015",
      number         = "3",
      pages          = "035008",
      doi            = "10.1103/PhysRevD.92.035008",
      eprint         = "1502.07383",
      archivePrefix  = "arXiv",
      primaryClass   = "hep-ph",
      SLACcitation   = "%%CITATION = ARXIV:1502.07383;%%"
}





@article{SM,
      journal        = "See Supplemental Material [url]"
}



@article{Gondolo:1990dk,
      author         = "Gondolo, Paolo and Gelmini, Graciela",
      title          = "{Cosmic abundances of stable particles: Improved
                        analysis}",
      journal        = "Nucl. Phys.",
      volume         = "B360",
      year           = "1991",
      pages          = "145-179",
      doi            = "10.1016/0550-3213(91)90438-4",
      reportNumber   = "UCLA-90-TEP-68",
      SLACcitation   = "%%CITATION = NUPHA,B360,145;%%"
}


@inproceedings{Cushman:2013zza,
      author         = "Cushman, P. and others",
      title          = "{Working Group Report: WIMP Dark Matter Direct
                        Detection}",
      booktitle      = "{Community Summer Study 2013: Snowmass on the Mississippi
                        (CSS2013) Minneapolis, MN, USA, July 29-August 6, 2013}",
      url            = "http://inspirehep.net/record/1262767/files/arXiv:1310.8327.pdf",
      year           = "2013",
      eprint         = "1310.8327",
      archivePrefix  = "arXiv",
      primaryClass   = "hep-ex",
      reportNumber   = "FERMILAB-CONF-13-688-AE",
      SLACcitation   = "%%CITATION = ARXIV:1310.8327;%%"
} 


@article{Angloher:2015ewa,
      author         = "Angloher, G. and others",
      title          = "{Results on light dark matter particles with a
                        low-threshold CRESST-II detector}",
      collaboration  = "CRESST",
      year           = "2015",
      eprint         = "1509.01515",
      archivePrefix  = "arXiv",
      primaryClass   = "astro-ph.CO",
      SLACcitation   = "%%CITATION = ARXIV:1509.01515;%%"
}

@article{Galli:2011rz,
author         = "Galli, Silvia and Iocco, Fabio and Bertone, Gianfranco
and Melchiorri, Alessandro",
title          = "{Updated CMB constraints on Dark Matter annihilation
cross-sections}",
journal        = "Phys.Rev.",
volume         = "D84",
pages          = "027302",
doi            = "10.1103/PhysRevD.84.027302",
year           = "2011",
eprint         = "1106.1528",
archivePrefix  = "arXiv",
primaryClass   = "astro-ph.CO",
SLACcitation   = "%%CITATION = ARXIV:1106.1528;%%",
}

@article{Madhavacheril:2013cna,
author         = "Madhavacheril, Mathew S. and Sehgal, Neelima and Slatyer,
Tracy R.",
title          = "{Current Dark Matter Annihilation Constraints from CMB
and Low-Redshift Data}",
journal        = "Phys.Rev.",
volume         = "D89",
pages          = "103508",
doi            = "10.1103/PhysRevD.89.103508",
year           = "2014",
eprint         = "1310.3815",
archivePrefix  = "arXiv",
primaryClass   = "astro-ph.CO",
reportNumber   = "MIT-CTP-4505",
SLACcitation   = "%%CITATION = ARXIV:1310.3815;%%",
}

@article{Ade:2013zuv,
author         = "Ade, P.A.R. and others",
title          = "{Planck 2013 results. XVI. Cosmological parameters}",
collaboration  = "Planck",
journal        = "Astron.Astrophys.",
volume         = "571",
pages          = "A16",
doi            = "10.1051/0004-6361/201321591",
year           = "2014",
eprint         = "1303.5076",
archivePrefix  = "arXiv",
primaryClass   = "astro-ph.CO",
SLACcitation   = "%%CITATION = ARXIV:1303.5076;%%",
}

@article{Nollett:2013pwa,
author         = "Nollett, Kenneth M. and Steigman, Gary",
title          = "{BBN And The CMB Constrain Light, Electromagnetically
Coupled WIMPs}",
journal        = "Phys. Rev.",
volume         = "D89",
year           = "2014",
number         = "8",
pages          = "083508",
doi            = "10.1103/PhysRevD.89.083508",
eprint         = "1312.5725",
archivePrefix  = "arXiv",
primaryClass   = "astro-ph.CO",
SLACcitation   = "%%CITATION = ARXIV:1312.5725;%%"
}

@article{Aubert:2008as,
author         = "Aubert, Bernard and others",
title          = "{Search for Invisible Decays of a Light Scalar in
Radiative Transitions $\upsilon_{3S} \to \gamma$ A0}",
collaboration  = "BaBar Collaboration",
year           = "2008",
eprint         = "0808.0017",
archivePrefix  = "arXiv",
primaryClass   = "hep-ex",
reportNumber   = "SLAC-PUB-13328, BABAR-CONF-08-019",
SLACcitation   = "%%CITATION = ARXIV:0808.0017;%%",
}

@article{Essig:2013vha,
author         = "Essig, Rouven and Mardon, Jeremy and Papucci, Michele and
Volansky, Tomer and Zhong, Yi-Ming",
title          = "{Constraining Light Dark Matter with Low-Energy $e^+e^-$
Colliders}",
journal        = "JHEP",
volume         = "1311",
pages          = "167",
doi            = "10.1007/JHEP11(2013)167",
year           = "2013",
eprint         = "1309.5084",
archivePrefix  = "arXiv",
primaryClass   = "hep-ph",
SLACcitation   = "%%CITATION = ARXIV:1309.5084;%%",
}

@article{Hook:2010tw,
author         = "Hook, Anson and Izaguirre, Eder and Wacker, Jay G.",
title          = "{Model Independent Bounds on Kinetic Mixing}",
journal        = "Adv.High Energy Phys.",
volume         = "2011",
pages          = "859762",
doi            = "10.1155/2011/859762",
year           = "2011",
eprint         = "1006.0973",
archivePrefix  = "arXiv",
primaryClass   = "hep-ph",
reportNumber   = "SLAC-PUB-14131",
SLACcitation   = "%%CITATION = ARXIV:1006.0973;%%",
}


@article{Curtin:2014cca,
author         = "Curtin, David and Essig, Rouven and Gori, Stefania and
Shelton, Jessie",
title          = "{Illuminating Dark Photons with High-Energy Colliders}",
journal        = "JHEP",
volume         = "1502",
pages          = "157",
doi            = "10.1007/JHEP02(2015)157",
year           = "2015",
eprint         = "1412.0018",
archivePrefix  = "arXiv",
primaryClass   = "hep-ph",
reportNumber   = "YITP-SB-14-49",
SLACcitation   = "%%CITATION = ARXIV:1412.0018;%%",
}


@misc{NA64Timeline,
title = {NA64 Collaboration},
howpublished = {\url{https://na64.web.cern.ch/content/visible-and-invisible-decays-dark-photons}},
note = {Accessed: 2016-05-26}
}


@article{madgraph,
author         = "Alwall, Johan and Demin, Pavel and de Visscher, Simon and
Frederix, Rikkert and Herquet, Michel and others",
title          = "{MadGraph/MadEvent v4: The New Web Generation}",
journal        = "JHEP",
volume         = "0709",
pages          = "028",
doi            = "10.1088/1126-6708/2007/09/028",
year           = "2007",
eprint         = "0706.2334",
archivePrefix  = "arXiv",
primaryClass   = "hep-ph",
reportNumber   = "SLAC-PUB-12603, CP3-07-17",
SLACcitation   = "%%CITATION = ARXIV:0706.2334;%%",
}

@article{nuc-ww,
title = "{Improved Weizsacker-Williams Method and Its Application to Lepton and W-Boson Pair Production}",
author = {Kim, Kwang Je and Tsai, Yung-Su},
journal = {Phys. Rev. D},
volume = {8},
issue = {9},
pages = {3109--3125},
year = {1973},
month = {Nov},
doi = {10.1103/PhysRevD.8.3109},
publisher = {American Physical Society}
}

@article{Brose:1998hq,
      author         = "Brose, J. and Dahlinger, G. and Schubert, Klaus R.",
      title          = "{Properties of CsI(Tl) crystals and their optimization
                        for calorimetry of high-energy photons}",
      journal        = "Nucl. Instrum. Meth.",
      volume         = "A417",
      year           = "1998",
      pages          = "311-324",
      doi            = "10.1016/S0168-9002(98)00765-7",
      eprint         = "physics/9805010",
      archivePrefix  = "arXiv",
      primaryClass   = "physics.ins-det",
      reportNumber   = "TUD-IKTP-98-01",
      SLACcitation   = "%%CITATION = PHYSICS/9805010;%%"
}

@article{Izaguirre:2015yja,
      author         = "Izaguirre, Eder and Krnjaic, Gordan and Schuster, Philip
                        and Toro, Natalia",
      title          = "{Analyzing the Discovery Potential for Light Dark
                        Matter}",
      journal        = "Phys. Rev. Lett.",
      volume         = "115",
      year           = "2015",
      number         = "25",
      pages          = "251301",
      doi            = "10.1103/PhysRevLett.115.251301",
      eprint         = "1505.00011",
      archivePrefix  = "arXiv",
      primaryClass   = "hep-ph",
      SLACcitation   = "%%CITATION = ARXIV:1505.00011;%%"
}

@article{Riess:1998cb,
      author         = "Riess, Adam G. and others",
      title          = "{Observational evidence from supernovae for an
                        accelerating universe and a cosmological constant}",
      collaboration  = "Supernova Search Team",
      journal        = "Astron. J.",
      volume         = "116",
      year           = "1998",
      pages          = "1009-1038",
      doi            = "10.1086/300499",
      eprint         = "astro-ph/9805201",
      archivePrefix  = "arXiv",
      primaryClass   = "astro-ph",
      SLACcitation   = "%%CITATION = ASTRO-PH/9805201;%%"
}

@article{Perlmutter:1998np,
      author         = "Perlmutter, S. and others",
      title          = "{Measurements of Omega and Lambda from 42 high redshift
                        supernovae}",
      collaboration  = "Supernova Cosmology Project",
      journal        = "Astrophys. J.",
      volume         = "517",
      year           = "1999",
      pages          = "565-586",
      doi            = "10.1086/307221",
      eprint         = "astro-ph/9812133",
      archivePrefix  = "arXiv",
      primaryClass   = "astro-ph",
      reportNumber   = "LBNL-41801, LBL-41801",
      SLACcitation   = "%%CITATION = ASTRO-PH/9812133;%%"
}

@article{Riotto:1999yt,
      author         = "Riotto, Antonio and Trodden, Mark",
      title          = "{Recent progress in baryogenesis}",
      journal        = "Ann. Rev. Nucl. Part. Sci.",
      volume         = "49",
      year           = "1999",
      pages          = "35-75",
      doi            = "10.1146/annurev.nucl.49.1.35",
      eprint         = "hep-ph/9901362",
      archivePrefix  = "arXiv",
      primaryClass   = "hep-ph",
      reportNumber   = "CERN-TH-99-04, CWRU-P6-99",
      SLACcitation   = "%%CITATION = HEP-PH/9901362;%%"
}

@article{Monroy-Rodriguez:2014ula,
      author         = "Monroy-Rodr’guez, Miguel A. and Allen, Christine",
      title          = "{The end of the MACHO era- revisited: new limits on MACHO
                        masses from halo wide binaries}",
      journal        = "Astrophys. J.",
      volume         = "790",
      year           = "2014",
      number         = "2",
      pages          = "159",
      doi            = "10.1088/0004-637X/790/2/159",
      eprint         = "1406.5169",
      archivePrefix  = "arXiv",
      primaryClass   = "astro-ph.GA",
      SLACcitation   = "%%CITATION = ARXIV:1406.5169;%%"
}

@article{PhysRevLett.39.165,
  title = {Cosmological Lower Bound on Heavy-Neutrino Masses},
  author = {Lee, Benjamin W. and Weinberg, Steven},
  journal = {Phys. Rev. Lett.},
  volume = {39},
  issue = {4},
  pages = {165--168},
  numpages = {0},
  year = {1977},
  month = {Jul},
  publisher = {American Physical Society},
  doi = {10.1103/PhysRevLett.39.165},
  url = {http://link.aps.org/doi/10.1103/PhysRevLett.39.165}
}



@article{Tretyak:2009sr,
      author         = "Tretyak, V. I.",
      title          = "{Semi-empirical calculation of quenching factors for ions
                        in scintillators}",
      journal        = "Astropart. Phys.",
      volume         = "33",
      year           = "2010",
      pages          = "40-53",
      doi            = "10.1016/j.astropartphys.2009.11.002",
      eprint         = "0911.3041",
      archivePrefix  = "arXiv",
      primaryClass   = "nucl-ex",
      SLACcitation   = "%%CITATION = ARXIV:0911.3041;%%"
}

@article{Pospelov:2006sc,
      author         = "Pospelov, Maxim",
      title          = "{Particle physics catalysis of thermal Big Bang
                        Nucleosynthesis}",
      journal        = "Phys. Rev. Lett.",
      volume         = "98",
      year           = "2007",
      pages          = "231301",
      doi            = "10.1103/PhysRevLett.98.231301",
      eprint         = "hep-ph/0605215",
      archivePrefix  = "arXiv",
      primaryClass   = "hep-ph",
      reportNumber   = "UVIC-TH-2006-05",
      SLACcitation   = "%%CITATION = HEP-PH/0605215;%%"
}

@article{Essig:2010xa,
      author         = "Essig, Rouven and Schuster, Philip and Toro, Natalia and
                        Wojtsekhowski, Bogdan",
      title          = "{An Electron Fixed Target Experiment to Search for a New
                        Vector Boson A' Decaying to e+e-}",
      journal        = "JHEP",
      volume         = "02",
      year           = "2011",
      pages          = "009",
      doi            = "10.1007/JHEP02(2011)009",
      eprint         = "1001.2557",
      archivePrefix  = "arXiv",
      primaryClass   = "hep-ph",
      reportNumber   = "SLAC-PUB-13882, SU-ITP-10-01",
      SLACcitation   = "%%CITATION = ARXIV:1001.2557;%%"
}

@inproceedings{Balewski:2014pxa,
      author         = "Balewski, J. and others",
      title          = "{The DarkLight Experiment: A Precision Search for New
                        Physics at Low Energies}",
      url            = "https://inspirehep.net/record/1334361/files/arXiv:1412.4717.pdf",
      year           = "2014",
      eprint         = "1412.4717",
      archivePrefix  = "arXiv",
      primaryClass   = "physics.ins-det",
      reportNumber   = "JLAB-ACC-14-1930",
      SLACcitation   = "%%CITATION = ARXIV:1412.4717;%%"
}

@article{Battaglieri:2014hga,
      author         = "Battaglieri, M. and others",
      title          = "{The Heavy Photon Search Test Detector}",
      journal        = "Nucl. Instrum. Meth.",
      volume         = "A777",
      year           = "2015",
      pages          = "91-101",
      doi            = "10.1016/j.nima.2014.12.017",
      eprint         = "1406.6115",
      archivePrefix  = "arXiv",
      primaryClass   = "physics.ins-det",
      reportNumber   = "SLAC-PUB-15999, JLAB-PHY-14-1994",
      SLACcitation   = "%%CITATION = ARXIV:1406.6115;%%"
}


